@inproceedings{main,
  title={Deterministic and probabilistic binary search in graphs},
  author={Emamjomeh-Zadeh, Ehsan and Kempe, David and Singhal, Vikrant},
  booktitle={Proceedings of the 48th Annual ACM SIGACT Symposium on Theory of Computing},
  pages={519--532},
  year={2016},
  organization={ACM}
}

@inproceedings{karp,
  title={Noisy binary search and its applications},
  author={Karp, Richard M and Kleinberg, Robert},
  booktitle={Proceedings of the eighteenth annual ACM-SIAM symposium on Discrete algorithms},
  pages={881--890},
  year={2007},
  organization={Society for Industrial and Applied Mathematics}
}

@inproceedings{benor,
  title={The bayesian learner is optimal for noisy binary search (and pretty good for quantum as well)},
  author={Ben-Or, Michael and Hassidim, Avinatan},
  booktitle={Foundations of Computer Science, 2008. FOCS'08. IEEE 49th Annual IEEE Symposium on},
  pages={221--230},
  year={2008},
  organization={IEEE}
}

@article{annals,
  title={Searching with known error probability},
  author={Pelc, Andrzej},
  journal={Theoretical Computer Science},
  volume={63},
  number={2},
  pages={185--202},
  year={1989},
  publisher={Elsevier}
}
